<?xml version="1.0" encoding="UTF-8" ?><marc:collection xmlns:marc="http://www.loc.gov/MARC21/slim" xmlns:xsi="http://www.w3.org/2001/XMLSchema-instance" xsi:schemaLocation="http://www.loc.gov/MARC21/slim http://www.loc.gov/standards/marcxml/schema/MARC21slim.xsd">
<marc:record><marc:leader>01675nam a2200373 ib4500</marc:leader>
<marc:controlfield tag="001">BV000023782</marc:controlfield>
<marc:controlfield tag="005">20110228        </marc:controlfield><marc:controlfield tag="006">m|||| |||u| ||||||</marc:controlfield><marc:controlfield tag="008">870612s1982            sm||| 00||| und d</marc:controlfield><marc:datafield tag="020" ind1=" " ind2=" "><marc:subfield code="a">3486510517</marc:subfield></marc:datafield><marc:datafield tag="024" ind1="7" ind2=" "><marc:subfield code="a">urn:nbn:de:bvb:12-bsb00044508-3</marc:subfield><marc:subfield code="2">urn</marc:subfield></marc:datafield><marc:datafield tag="035" ind1=" " ind2=" "><marc:subfield code="a">(OCoLC)8531923</marc:subfield></marc:datafield><marc:datafield tag="035" ind1=" " ind2=" "><marc:subfield code="a">(XXXxUND)BVBBV000023782</marc:subfield></marc:datafield><marc:datafield tag="040" ind1=" " ind2=" "><marc:subfield code="a">DE-604</marc:subfield><marc:subfield code="e">rakddb</marc:subfield></marc:datafield><marc:datafield tag="049" ind1=" " ind2=" "><marc:subfield code="a">BSB01</marc:subfield><marc:subfield code="a">UBM01</marc:subfield><marc:subfield code="a">UBT01</marc:subfield><marc:subfield code="a">UBR01</marc:subfield><marc:subfield code="a">UBW01</marc:subfield><marc:subfield code="a">UER01</marc:subfield><marc:subfield code="a">SPA01</marc:subfield><marc:subfield code="a">UBY01</marc:subfield><marc:subfield code="a">TUBA1</marc:subfield><marc:subfield code="a">HDO01</marc:subfield><marc:subfield code="a">HUBA1</marc:subfield><marc:subfield code="a">FUBA1</marc:subfield><marc:subfield code="a">UBA01</marc:subfield></marc:datafield><marc:datafield tag="050" ind1=" " ind2="0"><marc:subfield code="a">DB2199</marc:subfield></marc:datafield><marc:datafield tag="082" ind1="0" ind2=" "><marc:subfield code="a">327.43704</marc:subfield><marc:subfield code="b">F829l</marc:subfield></marc:datafield><marc:datafield tag="084" ind1=" " ind2=" "><marc:subfield code="a">7,41</marc:subfield><marc:subfield code="2">ssgn</marc:subfield></marc:datafield><marc:datafield tag="084" ind1=" " ind2=" "><marc:subfield code="a">NQ 4675</marc:subfield><marc:subfield code="2">rvk</marc:subfield></marc:datafield><marc:datafield tag="100" ind1="1" ind2=" "><marc:subfield code="a">Franke, Reiner.</marc:subfield><marc:subfield code="0">(DE-588a)109781988</marc:subfield></marc:datafield><marc:datafield tag="245" ind1="0" ind2="0"><marc:subfield code="a">London und Prag :</marc:subfield><marc:subfield code="b">Materialien zum Problem eines multinationalen Nationalstaates 1919 - 1938 /</marc:subfield><marc:subfield code="c">von Reiner Franke.</marc:subfield></marc:datafield><marc:datafield tag="250" ind1=" " ind2=" "><marc:subfield code="a">2. Aufl.</marc:subfield></marc:datafield><marc:datafield tag="260" ind1=" " ind2=" "><marc:subfield code="a">München [u.a.] :</marc:subfield><marc:subfield code="b">Oldenbourg,</marc:subfield><marc:subfield code="c">1982</marc:subfield></marc:datafield><marc:datafield tag="300" ind1=" " ind2=" "><marc:subfield code="a">562 S.</marc:subfield></marc:datafield><marc:datafield tag="490" ind1="1" ind2=" "><marc:subfield code="a">Collegium Carolinum &lt;München&gt;: Veröffentlichungen des ... ;</marc:subfield><marc:subfield code="v">40</marc:subfield></marc:datafield><marc:datafield tag="500" ind1=" " ind2=" "><marc:subfield code="a">Zugl.: München, Univ. Diss., 1976/77.</marc:subfield></marc:datafield><marc:datafield tag="502" ind1=" " ind2=" "><marc:subfield code="a">Zugl.: München, Univ. Diss., 1976/77.</marc:subfield></marc:datafield><marc:datafield tag="648" ind1=" " ind2="7"><marc:subfield code="a">Geschichte 1919-1938.</marc:subfield><marc:subfield code="2">swd</marc:subfield></marc:datafield><marc:datafield tag="650" ind1="0" ind2="7"><marc:subfield code="a">Außenpolitik.</marc:subfield><marc:subfield code="0">(DE-588c)4003846-4</marc:subfield><marc:subfield code="2">swd</marc:subfield></marc:datafield><marc:datafield tag="650" ind1="0" ind2="7"><marc:subfield code="a">Nationalität.</marc:subfield><marc:subfield code="0">(DE-588c)4171217-1</marc:subfield><marc:subfield code="2">swd</marc:subfield></marc:datafield><marc:datafield tag="651" ind1=" " ind2="7"><marc:subfield code="a">Großbritannien.</marc:subfield><marc:subfield code="0">(DE-588c)4022153-2</marc:subfield><marc:subfield code="2">swd</marc:subfield></marc:datafield><marc:datafield tag="651" ind1=" " ind2="7"><marc:subfield code="a">Tschechoslowakei.</marc:subfield><marc:subfield code="0">(DE-588c)4078435-6</marc:subfield><marc:subfield code="2">swd</marc:subfield></marc:datafield><marc:datafield tag="830" ind1=" " ind2="0"><marc:subfield code="a">Collegium Carolinum &lt;München&gt;:</marc:subfield><marc:subfield code="p">Veröffentlichungen des ... ;</marc:subfield><marc:subfield code="v">40.</marc:subfield></marc:datafield><marc:datafield tag="856" ind1="4" ind2=" "><marc:subfield code="u">http://nbn-resolving.de/urn/resolver.pl?urn=urn:nbn:de:bvb:12-bsb00044508-3</marc:subfield><marc:subfield code="x">Resolving-System</marc:subfield><marc:subfield code="z">kostenfrei</marc:subfield><marc:subfield code="3">Volltext // 2011 digitalisiert von: Bayerische Staatsbibliothek, München. Exemplar mit der Signatur: München, Bayerische Staatsbibliothek -- Z 58.101,I-40</marc:subfield></marc:datafield></marc:record>