
<marc:record><marc:leader>01825nam a2200373 ib4500</marc:leader>
<marc:controlfield tag="001">BV000025437</marc:controlfield>
<marc:controlfield tag="005">20110629        </marc:controlfield><marc:controlfield tag="006">m|||| |||u| ||||||</marc:controlfield><marc:controlfield tag="008">870612s1982            s|||| 10||| und d</marc:controlfield><marc:datafield tag="020" ind1=" " ind2=" "><marc:subfield code="a">3486500813</marc:subfield></marc:datafield><marc:datafield tag="024" ind1="7" ind2=" "><marc:subfield code="a">urn:nbn:de:bvb:12-bsb00049460-9</marc:subfield><marc:subfield code="2">urn</marc:subfield></marc:datafield><marc:datafield tag="035" ind1=" " ind2=" "><marc:subfield code="a">(OCoLC)239742166</marc:subfield></marc:datafield><marc:datafield tag="035" ind1=" " ind2=" "><marc:subfield code="a">(XXXxUND)BVBBV000025437</marc:subfield></marc:datafield><marc:datafield tag="040" ind1=" " ind2=" "><marc:subfield code="a">DE-604</marc:subfield><marc:subfield code="e">rakwb</marc:subfield></marc:datafield><marc:datafield tag="049" ind1=" " ind2=" "><marc:subfield code="a">BSB01</marc:subfield><marc:subfield code="a">UBM01</marc:subfield><marc:subfield code="a">UBA01</marc:subfield><marc:subfield code="a">UBG01</marc:subfield><marc:subfield code="a">UPA01</marc:subfield><marc:subfield code="a">UBR01</marc:subfield><marc:subfield code="a">UBW01</marc:subfield><marc:subfield code="a">UEI01</marc:subfield><marc:subfield code="a">UBT01</marc:subfield><marc:subfield code="a">IFZ01</marc:subfield><marc:subfield code="a">MCC01</marc:subfield><marc:subfield code="a">KOG01</marc:subfield><marc:subfield code="a">HDO01</marc:subfield><marc:subfield code="a">MBG01</marc:subfield><marc:subfield code="a">SOI01</marc:subfield><marc:subfield code="a">HUBA1</marc:subfield></marc:datafield><marc:datafield tag="084" ind1=" " ind2=" "><marc:subfield code="a">NQ 4675</marc:subfield><marc:subfield code="2">rvk</marc:subfield></marc:datafield><marc:datafield tag="084" ind1=" " ind2=" "><marc:subfield code="a">NQ 8275</marc:subfield><marc:subfield code="2">rvk</marc:subfield></marc:datafield><marc:datafield tag="084" ind1=" " ind2=" "><marc:subfield code="a">b 208</marc:subfield><marc:subfield code="2">ifzs</marc:subfield></marc:datafield><marc:datafield tag="245" ind1="0" ind2="0"><marc:subfield code="a">Kultur und Gesellschaft in der Ersten Tschechoslowakischen Republik :</marc:subfield><marc:subfield code="b">Vorträge der Tagungen des Collegium Carolinum in Bad Wiessee vom 23. bis 25. November 1979 und vom 28. bis 30. November 1980 /</marc:subfield><marc:subfield code="c">hrsg. von Karl Bosl und Ferdinand Seibt.</marc:subfield></marc:datafield><marc:datafield tag="260" ind1=" " ind2=" "><marc:subfield code="a">München [u.a.] :</marc:subfield><marc:subfield code="b">Oldenbourg,</marc:subfield><marc:subfield code="c">1982</marc:subfield></marc:datafield><marc:datafield tag="300" ind1=" " ind2=" "><marc:subfield code="a">351 S.</marc:subfield></marc:datafield><marc:datafield tag="490" ind1="1" ind2=" "><marc:subfield code="a">Bad Wiesseer Tagungen des Collegium Carolinum ;</marc:subfield><marc:subfield code="v">10</marc:subfield></marc:datafield><marc:datafield tag="648" ind1=" " ind2="7"><marc:subfield code="a">Geistesgeschichte 1918-1939.</marc:subfield><marc:subfield code="2">swd</marc:subfield></marc:datafield><marc:datafield tag="648" ind1=" " ind2="7"><marc:subfield code="a">Geschichte 1918-1939.</marc:subfield><marc:subfield code="2">swd</marc:subfield></marc:datafield><marc:datafield tag="650" ind1="0" ind2="7"><marc:subfield code="a">Kultur.</marc:subfield><marc:subfield code="0">(DE-588c)4125698-0</marc:subfield><marc:subfield code="2">swd</marc:subfield></marc:datafield><marc:datafield tag="651" ind1=" " ind2="7"><marc:subfield code="a">Tschechoslowakei.</marc:subfield><marc:subfield code="0">(DE-588c)4078435-6</marc:subfield><marc:subfield code="2">swd</marc:subfield></marc:datafield><marc:datafield tag="655" ind1=" " ind2="4"><marc:subfield code="a">Kongress</marc:subfield><marc:subfield code="z">Wiessee</marc:subfield><marc:subfield code="y">1979.</marc:subfield></marc:datafield><marc:datafield tag="655" ind1=" " ind2="4"><marc:subfield code="a">Kongress</marc:subfield><marc:subfield code="z">Wiessee</marc:subfield><marc:subfield code="y">1980.</marc:subfield></marc:datafield><marc:datafield tag="700" ind1="1" ind2=" "><marc:subfield code="a">Bosl, Karl.</marc:subfield><marc:subfield code="0">(DE-588a)118662090</marc:subfield></marc:datafield><marc:datafield tag="700" ind1="1" ind2=" "><marc:subfield code="a">Seibt, Ferdinand.</marc:subfield><marc:subfield code="0">(DE-588a)118825178</marc:subfield></marc:datafield><marc:datafield tag="710" ind1="2" ind2=" "><marc:subfield code="a">Bad Wiesseer Tagung (1979 - 1980)</marc:subfield><marc:subfield code="0">(DE-588b)2068041-7</marc:subfield></marc:datafield><marc:datafield tag="710" ind1="2" ind2=" "><marc:subfield code="a">Collegium Carolinum (München)</marc:subfield><marc:subfield code="0">(DE-588b)1000959-0</marc:subfield></marc:datafield><marc:datafield tag="830" ind1=" " ind2="0"><marc:subfield code="a">Bad Wiesseer Tagungen des Collegium Carolinum ;</marc:subfield><marc:subfield code="v">10.</marc:subfield></marc:datafield><marc:datafield tag="856" ind1="4" ind2=" "><marc:subfield code="u">http://nbn-resolving.de/urn/resolver.pl?urn=urn:nbn:de:bvb:12-bsb00049460-9</marc:subfield><marc:subfield code="x">Resolving-System</marc:subfield><marc:subfield code="z">kostenfrei</marc:subfield><marc:subfield code="3">Volltext // 2011 digitalisiert von: Bayerische Staatsbibliothek, München. Exemplar mit der Signatur: München, Bayerische Staatsbibliothek -- 82.1545</marc:subfield></marc:datafield></marc:record>