
<marc:record><marc:leader>01381nam a2200337 ib4500</marc:leader>
<marc:controlfield tag="001">BV000025678</marc:controlfield>
<marc:controlfield tag="005">20101214        </marc:controlfield><marc:controlfield tag="006">m|||| |||u| ||||||</marc:controlfield><marc:controlfield tag="008">870612s1982            s|||| 00||| und d</marc:controlfield><marc:datafield tag="020" ind1=" " ind2=" "><marc:subfield code="a">3876901987</marc:subfield></marc:datafield><marc:datafield tag="024" ind1="7" ind2=" "><marc:subfield code="a">urn:nbn:de:bvb:12-bsb00047288-4</marc:subfield><marc:subfield code="2">urn</marc:subfield></marc:datafield><marc:datafield tag="035" ind1=" " ind2=" "><marc:subfield code="a">(OCoLC)230246800</marc:subfield></marc:datafield><marc:datafield tag="035" ind1=" " ind2=" "><marc:subfield code="a">(XXXxUND)BVBBV000025678</marc:subfield></marc:datafield><marc:datafield tag="040" ind1=" " ind2=" "><marc:subfield code="a">DE-604</marc:subfield><marc:subfield code="e">rakddb</marc:subfield></marc:datafield><marc:datafield tag="049" ind1=" " ind2=" "><marc:subfield code="a">BSB01</marc:subfield><marc:subfield code="a">UBM01</marc:subfield><marc:subfield code="a">UER01</marc:subfield><marc:subfield code="a">UBA01</marc:subfield><marc:subfield code="a">UBG01</marc:subfield><marc:subfield code="a">UBT01</marc:subfield><marc:subfield code="a">UBR01</marc:subfield><marc:subfield code="a">FUBA1</marc:subfield></marc:datafield><marc:datafield tag="084" ind1=" " ind2=" "><marc:subfield code="a">7,41</marc:subfield><marc:subfield code="2">ssgn</marc:subfield></marc:datafield><marc:datafield tag="084" ind1=" " ind2=" "><marc:subfield code="a">KG 1348</marc:subfield><marc:subfield code="2">rvk</marc:subfield></marc:datafield><marc:datafield tag="100" ind1="1" ind2=" "><marc:subfield code="a">Rodde, Jacob.</marc:subfield><marc:subfield code="0">(DE-588a)133469727</marc:subfield></marc:datafield><marc:datafield tag="245" ind1="0" ind2="0"><marc:subfield code="a">Russische Sprachlehre /</marc:subfield><marc:subfield code="c">Jacob Rodde.</marc:subfield></marc:datafield><marc:datafield tag="250" ind1=" " ind2=" "><marc:subfield code="a">Ausg. Riga 1773, Nachdr. /</marc:subfield><marc:subfield code="b">besorgt von Gerd Freidhof ..</marc:subfield></marc:datafield><marc:datafield tag="260" ind1=" " ind2=" "><marc:subfield code="a">München :</marc:subfield><marc:subfield code="b">Sagner,</marc:subfield><marc:subfield code="c">1982</marc:subfield></marc:datafield><marc:datafield tag="300" ind1=" " ind2=" "><marc:subfield code="a">4, [14], 248 S.</marc:subfield></marc:datafield><marc:datafield tag="490" ind1="1" ind2=" "><marc:subfield code="a">Specimina philologiae Slavicae ;</marc:subfield><marc:subfield code="v">38</marc:subfield></marc:datafield><marc:datafield tag="648" ind1=" " ind2="7"><marc:subfield code="a">Geschichte 1773.</marc:subfield><marc:subfield code="2">swd</marc:subfield></marc:datafield><marc:datafield tag="650" ind1="0" ind2="7"><marc:subfield code="a">Grammatik.</marc:subfield><marc:subfield code="0">(DE-588c)4021806-5</marc:subfield><marc:subfield code="2">swd</marc:subfield></marc:datafield><marc:datafield tag="650" ind1="0" ind2="7"><marc:subfield code="a">Quelle.</marc:subfield><marc:subfield code="0">(DE-588c)4135952-5</marc:subfield><marc:subfield code="2">swd</marc:subfield></marc:datafield><marc:datafield tag="651" ind1=" " ind2="7"><marc:subfield code="a">Russisch.</marc:subfield><marc:subfield code="0">(DE-588c)4051038-4</marc:subfield><marc:subfield code="2">swd</marc:subfield></marc:datafield><marc:datafield tag="655" ind1=" " ind2="4"><marc:subfield code="a">Einführung.</marc:subfield></marc:datafield><marc:datafield tag="700" ind1="1" ind2=" "><marc:subfield code="a">Freidhof, Gerd.</marc:subfield><marc:subfield code="0">(DE-588a)107934191</marc:subfield></marc:datafield><marc:datafield tag="830" ind1=" " ind2="0"><marc:subfield code="a">Specimina philologiae Slavicae ;</marc:subfield><marc:subfield code="v">38.</marc:subfield></marc:datafield><marc:datafield tag="856" ind1="4" ind2=" "><marc:subfield code="u">http://nbn-resolving.de/urn/resolver.pl?urn=urn:nbn:de:bvb:12-bsb00047288-4</marc:subfield><marc:subfield code="x">Resolving-System</marc:subfield><marc:subfield code="z">kostenfrei</marc:subfield><marc:subfield code="3">Volltext // 2010 digitalisiert von: Bayerische Staatsbibliothek, München. Exemplar der Bayerischen Staatsbibliothek mit der Signatur: Z 74.772-38/39#38--</marc:subfield></marc:datafield></marc:record>