
<marc:record><marc:leader>01555nam a2200349 ib4500</marc:leader>
<marc:controlfield tag="001">BV000026596</marc:controlfield>
<marc:controlfield tag="005">20110105        </marc:controlfield><marc:controlfield tag="006">m|||| |||u| ||||||</marc:controlfield><marc:controlfield tag="008">870612s1982            s|||| 10||| und d</marc:controlfield><marc:datafield tag="020" ind1=" " ind2=" "><marc:subfield code="a">387690224X</marc:subfield></marc:datafield><marc:datafield tag="024" ind1="7" ind2=" "><marc:subfield code="a">urn:nbn:de:bvb:12-bsb00057163-7</marc:subfield><marc:subfield code="2">urn</marc:subfield></marc:datafield><marc:datafield tag="035" ind1=" " ind2=" "><marc:subfield code="a">(OCoLC)10696120</marc:subfield></marc:datafield><marc:datafield tag="035" ind1=" " ind2=" "><marc:subfield code="a">(XXXxUND)BVBBV000026596</marc:subfield></marc:datafield><marc:datafield tag="040" ind1=" " ind2=" "><marc:subfield code="a">DE-604</marc:subfield><marc:subfield code="e">rakddb</marc:subfield></marc:datafield><marc:datafield tag="049" ind1=" " ind2=" "><marc:subfield code="a">BSB01</marc:subfield><marc:subfield code="a">UBM01</marc:subfield><marc:subfield code="a">UBA01</marc:subfield><marc:subfield code="a">UBG01</marc:subfield><marc:subfield code="a">UBT01</marc:subfield><marc:subfield code="a">UBR01</marc:subfield><marc:subfield code="a">UBW01</marc:subfield><marc:subfield code="a">UPA01</marc:subfield><marc:subfield code="a">UER01</marc:subfield><marc:subfield code="a">OEI01</marc:subfield><marc:subfield code="a">FUBA1</marc:subfield></marc:datafield><marc:datafield tag="050" ind1=" " ind2="0"><marc:subfield code="a">PG801</marc:subfield></marc:datafield><marc:datafield tag="082" ind1="0" ind2=" "><marc:subfield code="a">491.8/1</marc:subfield><marc:subfield code="2">19</marc:subfield></marc:datafield><marc:datafield tag="084" ind1=" " ind2=" "><marc:subfield code="a">7,41</marc:subfield><marc:subfield code="2">ssgn</marc:subfield></marc:datafield><marc:datafield tag="084" ind1=" " ind2=" "><marc:subfield code="a">KY 1002</marc:subfield><marc:subfield code="2">rvk</marc:subfield></marc:datafield><marc:datafield tag="245" ind1="0" ind2="0"><marc:subfield code="a">Bulgarien 1300 :</marc:subfield><marc:subfield code="b">Referate der Sektion &quot;Sprache und Literatur&quot; des Symposiums Bulgarien in Geschichte und Gegenwart, Hamburg, 9. - 17. Mai 1981 /</marc:subfield><marc:subfield code="c">hrsg. von Peter Hill.</marc:subfield></marc:datafield><marc:datafield tag="260" ind1=" " ind2=" "><marc:subfield code="a">München :</marc:subfield><marc:subfield code="b">Sagner,</marc:subfield><marc:subfield code="c">1982</marc:subfield></marc:datafield><marc:datafield tag="300" ind1=" " ind2=" "><marc:subfield code="a">97 S.</marc:subfield></marc:datafield><marc:datafield tag="490" ind1="1" ind2=" "><marc:subfield code="a">Slavistische Beiträge ;</marc:subfield><marc:subfield code="v">155</marc:subfield></marc:datafield><marc:datafield tag="650" ind1="0" ind2="4"><marc:subfield code="a">Bulgaars</marc:subfield></marc:datafield><marc:datafield tag="650" ind1="0" ind2="4"><marc:subfield code="a">Taalkunde</marc:subfield></marc:datafield><marc:datafield tag="650" ind1="0" ind2="7"><marc:subfield code="a">Bulgaristik.</marc:subfield><marc:subfield code="0">(DE-588c)4146908-2</marc:subfield><marc:subfield code="2">swd</marc:subfield></marc:datafield><marc:datafield tag="651" ind1=" " ind2="7"><marc:subfield code="a">Bulgarisch.</marc:subfield><marc:subfield code="0">(DE-588c)4120165-6</marc:subfield><marc:subfield code="2">swd</marc:subfield></marc:datafield><marc:datafield tag="655" ind1=" " ind2="4"><marc:subfield code="a">Kongress</marc:subfield><marc:subfield code="z">Hamburg</marc:subfield><marc:subfield code="y">1981.</marc:subfield></marc:datafield><marc:datafield tag="700" ind1="1" ind2=" "><marc:subfield code="a">Hill, Peter M.</marc:subfield><marc:subfield code="0">(DE-588a)128079894</marc:subfield></marc:datafield><marc:datafield tag="710" ind1="2" ind2=" "><marc:subfield code="a">Symposium Bulgarien in Geschichte und Gegenwart (1981, Hamburg)</marc:subfield><marc:subfield code="b">Sektion Sprache und Literatur.</marc:subfield><marc:subfield code="0">(DE-588b)2071684-9</marc:subfield></marc:datafield><marc:datafield tag="830" ind1=" " ind2="0"><marc:subfield code="a">Slavistische Beiträge ;</marc:subfield><marc:subfield code="v">155.</marc:subfield></marc:datafield><marc:datafield tag="856" ind1="4" ind2=" "><marc:subfield code="u">http://nbn-resolving.de/urn/resolver.pl?urn=urn:nbn:de:bvb:12-bsb00057163-7</marc:subfield><marc:subfield code="x">Resolving-System</marc:subfield><marc:subfield code="z">kostenfrei</marc:subfield><marc:subfield code="3">Volltext // 2011 digitalisiert von: Bayerische Staatsbibliothek, München. Exemplar mit der Signatur: München, Bayerische Staatsbibliothek -- Z 60.523-155/157#155</marc:subfield></marc:datafield></marc:record>