
<marc:record><marc:leader>01276nam a2200301 ib4500</marc:leader>
<marc:controlfield tag="001">BV000026925</marc:controlfield>
<marc:controlfield tag="005">20101214        </marc:controlfield><marc:controlfield tag="006">m|||| |||u| ||||||</marc:controlfield><marc:controlfield tag="008">870612s1982    gw      s|||| 00||| und d</marc:controlfield><marc:datafield tag="020" ind1=" " ind2=" "><marc:subfield code="a">3876902010</marc:subfield></marc:datafield><marc:datafield tag="024" ind1="7" ind2=" "><marc:subfield code="a">urn:nbn:de:bvb:12-bsb00047139-3</marc:subfield><marc:subfield code="2">urn</marc:subfield></marc:datafield><marc:datafield tag="035" ind1=" " ind2=" "><marc:subfield code="a">(OCoLC)157012331</marc:subfield></marc:datafield><marc:datafield tag="035" ind1=" " ind2=" "><marc:subfield code="a">(XXXxUND)BVBBV000026925</marc:subfield></marc:datafield><marc:datafield tag="040" ind1=" " ind2=" "><marc:subfield code="a">DE-604</marc:subfield><marc:subfield code="e">rakddb</marc:subfield></marc:datafield><marc:datafield tag="044" ind1=" " ind2=" "><marc:subfield code="a">gw</marc:subfield><marc:subfield code="c">XA-DE</marc:subfield></marc:datafield><marc:datafield tag="049" ind1=" " ind2=" "><marc:subfield code="a">BSB01</marc:subfield><marc:subfield code="a">UBM01</marc:subfield><marc:subfield code="a">UBG01</marc:subfield><marc:subfield code="a">UBR01</marc:subfield><marc:subfield code="a">EUV01</marc:subfield><marc:subfield code="a">OEI01</marc:subfield></marc:datafield><marc:datafield tag="084" ind1=" " ind2=" "><marc:subfield code="a">KG 1348</marc:subfield><marc:subfield code="2">rvk</marc:subfield></marc:datafield><marc:datafield tag="084" ind1=" " ind2=" "><marc:subfield code="a">KG 4125</marc:subfield><marc:subfield code="2">rvk</marc:subfield></marc:datafield><marc:datafield tag="245" ind1="0" ind2="0"><marc:subfield code="a">Kratkija pravila rossijskoj grammatiki :</marc:subfield><marc:subfield code="b">Nebst. e. Aufsatzstudie.</marc:subfield></marc:datafield><marc:datafield tag="250" ind1=" " ind2=" "><marc:subfield code="a">Moskva 1773, Nachdr. nebst e. Aufsatzstudie /</marc:subfield><marc:subfield code="b">von Michael Schütrumpf.</marc:subfield></marc:datafield><marc:datafield tag="260" ind1=" " ind2=" "><marc:subfield code="a">München :</marc:subfield><marc:subfield code="b">Sagner,</marc:subfield><marc:subfield code="c">1982</marc:subfield></marc:datafield><marc:datafield tag="300" ind1=" " ind2=" "><marc:subfield code="a">XIII, 103 S.</marc:subfield></marc:datafield><marc:datafield tag="490" ind1="1" ind2=" "><marc:subfield code="a">Specimina philologiae slavicae ;</marc:subfield><marc:subfield code="v">41</marc:subfield></marc:datafield><marc:datafield tag="650" ind1="0" ind2="7"><marc:subfield code="a">Grammatik.</marc:subfield><marc:subfield code="0">(DE-588c)4021806-5</marc:subfield><marc:subfield code="2">swd</marc:subfield></marc:datafield><marc:datafield tag="651" ind1=" " ind2="7"><marc:subfield code="a">Russisch.</marc:subfield><marc:subfield code="0">(DE-588c)4051038-4</marc:subfield><marc:subfield code="2">swd</marc:subfield></marc:datafield><marc:datafield tag="700" ind1="1" ind2=" "><marc:subfield code="a">Schütrumpf, Michael.</marc:subfield><marc:subfield code="0">(DE-588a)109501756</marc:subfield></marc:datafield><marc:datafield tag="830" ind1=" " ind2="0"><marc:subfield code="a">Specimina philologiae slavicae ;</marc:subfield><marc:subfield code="v">41.</marc:subfield></marc:datafield><marc:datafield tag="856" ind1="4" ind2=" "><marc:subfield code="u">http://nbn-resolving.de/urn/resolver.pl?urn=urn:nbn:de:bvb:12-bsb00047139-3</marc:subfield><marc:subfield code="x">Resolving-System</marc:subfield><marc:subfield code="z">kostenfrei</marc:subfield><marc:subfield code="3">Volltext // 2010 digitalisiert von: Bayerische Staatsbibliothek, München. Exemplar der Bayerischen Staatsbibliothek mit der Signatur: Z 74.772-40/42#41--</marc:subfield></marc:datafield></marc:record>