
<marc:record><marc:leader>01867nam a2200385 ib4500</marc:leader>
<marc:controlfield tag="001">BV000030184</marc:controlfield>
<marc:controlfield tag="005">20101105        </marc:controlfield><marc:controlfield tag="006">m|||| |||u|z||||||</marc:controlfield><marc:controlfield tag="008">870612s1982            s||||z00||| und d</marc:controlfield><marc:datafield tag="024" ind1="7" ind2=" "><marc:subfield code="a">urn:nbn:de:bvb:12-bsb00053087-3</marc:subfield><marc:subfield code="2">urn</marc:subfield></marc:datafield><marc:datafield tag="035" ind1=" " ind2=" "><marc:subfield code="a">(OCoLC)10000160</marc:subfield></marc:datafield><marc:datafield tag="035" ind1=" " ind2=" "><marc:subfield code="a">(XXXxUND)BVBBV000030184</marc:subfield></marc:datafield><marc:datafield tag="040" ind1=" " ind2=" "><marc:subfield code="a">DE-604</marc:subfield><marc:subfield code="e">rakddb</marc:subfield></marc:datafield><marc:datafield tag="049" ind1=" " ind2=" "><marc:subfield code="a">BSB01</marc:subfield><marc:subfield code="a">UBA01</marc:subfield><marc:subfield code="a">UBT01</marc:subfield><marc:subfield code="a">UPA01</marc:subfield><marc:subfield code="a">UBR01</marc:subfield><marc:subfield code="a">UBW01</marc:subfield><marc:subfield code="a">UER01</marc:subfield><marc:subfield code="a">UBM01</marc:subfield><marc:subfield code="a">HPH01</marc:subfield><marc:subfield code="a">IFZ01</marc:subfield><marc:subfield code="a">MCC01</marc:subfield><marc:subfield code="a">SOI01</marc:subfield><marc:subfield code="a">UBY01</marc:subfield><marc:subfield code="a">HUBA1</marc:subfield><marc:subfield code="a">FUBA1</marc:subfield></marc:datafield><marc:datafield tag="050" ind1=" " ind2="0"><marc:subfield code="a">JV8195</marc:subfield></marc:datafield><marc:datafield tag="082" ind1="0" ind2=" "><marc:subfield code="a">325/.2438</marc:subfield><marc:subfield code="2">19</marc:subfield></marc:datafield><marc:datafield tag="082" ind1="0" ind2=" "><marc:subfield code="a">909/.09717</marc:subfield><marc:subfield code="2">19</marc:subfield></marc:datafield><marc:datafield tag="084" ind1=" " ind2=" "><marc:subfield code="a">7,41</marc:subfield><marc:subfield code="2">ssgn</marc:subfield></marc:datafield><marc:datafield tag="084" ind1=" " ind2=" "><marc:subfield code="a">AE 64110</marc:subfield><marc:subfield code="2">rvk</marc:subfield></marc:datafield><marc:datafield tag="084" ind1=" " ind2=" "><marc:subfield code="a">MG 80000</marc:subfield><marc:subfield code="2">rvk</marc:subfield></marc:datafield><marc:datafield tag="084" ind1=" " ind2=" "><marc:subfield code="a">PR 2051</marc:subfield><marc:subfield code="2">rvk</marc:subfield></marc:datafield><marc:datafield tag="084" ind1=" " ind2=" "><marc:subfield code="a">QB 910</marc:subfield><marc:subfield code="2">rvk</marc:subfield></marc:datafield><marc:datafield tag="084" ind1=" " ind2=" "><marc:subfield code="a">g:pl S:dg Z:48</marc:subfield><marc:subfield code="2">sdnb</marc:subfield></marc:datafield><marc:datafield tag="100" ind1="1" ind2=" "><marc:subfield code="a">Oschlies, Wolf.</marc:subfield><marc:subfield code="0">(DE-588a)107216760</marc:subfield></marc:datafield><marc:datafield tag="245" ind1="0" ind2="0"><marc:subfield code="a">Exodus Poloniae? :</marc:subfield><marc:subfield code="b">polnische Ausreise- und Emigrationsfragen 1980 - 1982 /</marc:subfield><marc:subfield code="c">Wolf Oschlies.</marc:subfield></marc:datafield><marc:datafield tag="260" ind1=" " ind2=" "><marc:subfield code="a">Köln :</marc:subfield><marc:subfield code="b">Bundesinst. für Ostwiss. u. Internat. Studien,</marc:subfield><marc:subfield code="c">1982</marc:subfield></marc:datafield><marc:datafield tag="300" ind1=" " ind2=" "><marc:subfield code="a">II, 44 S.</marc:subfield></marc:datafield><marc:datafield tag="490" ind1="1" ind2=" "><marc:subfield code="a">Bundesinstitut für Ostwissenschaftliche und Internationale Studien &lt;Köln&gt;: Berichte des Bundesinstituts für Ostwissenschaftliche und Internationale Studien ;</marc:subfield><marc:subfield code="v">1982,18</marc:subfield></marc:datafield><marc:datafield tag="500" ind1=" " ind2=" "><marc:subfield code="a">Zsfassung in engl. Sprache.</marc:subfield></marc:datafield><marc:datafield tag="648" ind1=" " ind2="7"><marc:subfield code="a">Geschichte 1980-1982.</marc:subfield><marc:subfield code="2">swd</marc:subfield></marc:datafield><marc:datafield tag="650" ind1="0" ind2="7"><marc:subfield code="a">Ausreise.</marc:subfield><marc:subfield code="0">(DE-588c)4432390-6</marc:subfield><marc:subfield code="2">swd</marc:subfield></marc:datafield><marc:datafield tag="650" ind1="0" ind2="7"><marc:subfield code="a">Auswanderung.</marc:subfield><marc:subfield code="0">(DE-588c)4003920-1</marc:subfield><marc:subfield code="2">swd</marc:subfield></marc:datafield><marc:datafield tag="651" ind1=" " ind2="7"><marc:subfield code="a">Polen.</marc:subfield><marc:subfield code="0">(DE-588c)4046496-9</marc:subfield><marc:subfield code="2">swd</marc:subfield></marc:datafield><marc:datafield tag="830" ind1=" " ind2="0"><marc:subfield code="a">Bundesinstitut für Ostwissenschaftliche und Internationale Studien &lt;Köln&gt;:</marc:subfield><marc:subfield code="p">Berichte des Bundesinstituts für Ostwissenschaftliche und Internationale Studien ;</marc:subfield><marc:subfield code="v">1982,18.</marc:subfield></marc:datafield><marc:datafield tag="856" ind1="4" ind2=" "><marc:subfield code="u">http://nbn-resolving.de/urn/resolver.pl?urn=urn:nbn:de:bvb:12-bsb00053087-3</marc:subfield><marc:subfield code="x">Resolving-System</marc:subfield><marc:subfield code="z">kostenfrei</marc:subfield><marc:subfield code="3">Volltext // 2010 digitalisiert von: Bayerische Staatsbibliothek, München. Exemplar der Bayerischen Staatsbibliothek mit der Signatur: 4 Z 68.247-1982,16/20#18</marc:subfield></marc:datafield></marc:record>