
<marc:record><marc:leader>01935nam a2200397 ib4500</marc:leader>
<marc:controlfield tag="001">BV000030281</marc:controlfield>
<marc:controlfield tag="005">20101105        </marc:controlfield><marc:controlfield tag="006">m|||| |||u|z||||||</marc:controlfield><marc:controlfield tag="008">870612s1982            s||||z00||| und d</marc:controlfield><marc:datafield tag="024" ind1="7" ind2=" "><marc:subfield code="a">urn:nbn:de:bvb:12-bsb00053077-8</marc:subfield><marc:subfield code="2">urn</marc:subfield></marc:datafield><marc:datafield tag="035" ind1=" " ind2=" "><marc:subfield code="a">(OCoLC)8585645</marc:subfield></marc:datafield><marc:datafield tag="035" ind1=" " ind2=" "><marc:subfield code="a">(XXXxUND)BVBBV000030281</marc:subfield></marc:datafield><marc:datafield tag="040" ind1=" " ind2=" "><marc:subfield code="a">DE-604</marc:subfield><marc:subfield code="e">rakwb</marc:subfield></marc:datafield><marc:datafield tag="049" ind1=" " ind2=" "><marc:subfield code="a">BSB01</marc:subfield><marc:subfield code="a">UBT01</marc:subfield><marc:subfield code="a">UPA01</marc:subfield><marc:subfield code="a">UBR01</marc:subfield><marc:subfield code="a">UBW01</marc:subfield><marc:subfield code="a">UER01</marc:subfield><marc:subfield code="a">UBM01</marc:subfield><marc:subfield code="a">UBA01</marc:subfield><marc:subfield code="a">HPH01</marc:subfield><marc:subfield code="a">IFZ01</marc:subfield><marc:subfield code="a">MCC01</marc:subfield><marc:subfield code="a">SOI01</marc:subfield><marc:subfield code="a">UBY01</marc:subfield><marc:subfield code="a">TUBA1</marc:subfield><marc:subfield code="a">HUBA1</marc:subfield><marc:subfield code="a">FUBA1</marc:subfield></marc:datafield><marc:datafield tag="050" ind1=" " ind2="0"><marc:subfield code="a">HX15</marc:subfield></marc:datafield><marc:datafield tag="050" ind1=" " ind2="0"><marc:subfield code="a">JN6598.K7</marc:subfield></marc:datafield><marc:datafield tag="082" ind1="0" ind2=" "><marc:subfield code="a">324.247/075</marc:subfield><marc:subfield code="2">19</marc:subfield></marc:datafield><marc:datafield tag="082" ind1="0" ind2=" "><marc:subfield code="a">909/.09717</marc:subfield><marc:subfield code="2">19</marc:subfield></marc:datafield><marc:datafield tag="084" ind1=" " ind2=" "><marc:subfield code="a">7,41</marc:subfield><marc:subfield code="2">ssgn</marc:subfield></marc:datafield><marc:datafield tag="084" ind1=" " ind2=" "><marc:subfield code="a">AE 64110</marc:subfield><marc:subfield code="2">rvk</marc:subfield></marc:datafield><marc:datafield tag="084" ind1=" " ind2=" "><marc:subfield code="a">MG 80000</marc:subfield><marc:subfield code="2">rvk</marc:subfield></marc:datafield><marc:datafield tag="084" ind1=" " ind2=" "><marc:subfield code="a">PR 2051</marc:subfield><marc:subfield code="2">rvk</marc:subfield></marc:datafield><marc:datafield tag="084" ind1=" " ind2=" "><marc:subfield code="a">QB 910</marc:subfield><marc:subfield code="2">rvk</marc:subfield></marc:datafield><marc:datafield tag="084" ind1=" " ind2=" "><marc:subfield code="a">c 78.7.1</marc:subfield><marc:subfield code="2">ifzs</marc:subfield></marc:datafield><marc:datafield tag="100" ind1="1" ind2=" "><marc:subfield code="a">Timmermann, Heinz.</marc:subfield><marc:subfield code="0">(DE-588a)10725882X</marc:subfield></marc:datafield><marc:datafield tag="245" ind1="0" ind2="4"><marc:subfield code="a">Die KPdSU und die Westkommunisten in den 80er Jahren /</marc:subfield><marc:subfield code="c">Heinz Timmermann.</marc:subfield></marc:datafield><marc:datafield tag="260" ind1=" " ind2=" "><marc:subfield code="a">Köln,</marc:subfield><marc:subfield code="c">1982</marc:subfield></marc:datafield><marc:datafield tag="300" ind1=" " ind2=" "><marc:subfield code="a">II, 28 S.</marc:subfield></marc:datafield><marc:datafield tag="490" ind1="1" ind2=" "><marc:subfield code="a">Bundesinstitut für Ostwissenschaftliche und Internationale Studien &lt;Köln&gt;: Berichte des Bundesinstituts für Ostwissenschaftliche und Internationale Studien ;</marc:subfield><marc:subfield code="v">1982,8</marc:subfield></marc:datafield><marc:datafield tag="500" ind1=" " ind2=" "><marc:subfield code="a">Zsfassung in engl. Sprache u.d.T.: The CPSU and the Western communists in the 80s.</marc:subfield></marc:datafield><marc:datafield tag="610" ind1="2" ind2="7"><marc:subfield code="a">Kommunistische Partei der Sowjetunion.</marc:subfield><marc:subfield code="0">(DE-588c)4031910-6</marc:subfield><marc:subfield code="2">swd</marc:subfield></marc:datafield><marc:datafield tag="650" ind1="0" ind2="7"><marc:subfield code="a">Kommunismus.</marc:subfield><marc:subfield code="0">(DE-588c)4031892-8</marc:subfield><marc:subfield code="2">swd</marc:subfield></marc:datafield><marc:datafield tag="650" ind1="0" ind2="7"><marc:subfield code="a">Kommunistische Partei.</marc:subfield><marc:subfield code="0">(DE-588c)4031900-3</marc:subfield><marc:subfield code="2">swd</marc:subfield></marc:datafield><marc:datafield tag="651" ind1=" " ind2="7"><marc:subfield code="a">Westliche Welt.</marc:subfield><marc:subfield code="0">(DE-588c)4079237-7</marc:subfield><marc:subfield code="2">swd</marc:subfield></marc:datafield><marc:datafield tag="830" ind1=" " ind2="0"><marc:subfield code="a">Bundesinstitut für Ostwissenschaftliche und Internationale Studien &lt;Köln&gt;:</marc:subfield><marc:subfield code="p">Berichte des Bundesinstituts für Ostwissenschaftliche und Internationale Studien ;</marc:subfield><marc:subfield code="v">1982,8.</marc:subfield></marc:datafield><marc:datafield tag="856" ind1="4" ind2=" "><marc:subfield code="u">http://nbn-resolving.de/urn/resolver.pl?urn=urn:nbn:de:bvb:12-bsb00053077-8</marc:subfield><marc:subfield code="x">Resolving-System</marc:subfield><marc:subfield code="z">kostenfrei</marc:subfield><marc:subfield code="3">Volltext // 2010 digitalisiert von: Bayerische Staatsbibliothek, München. Exemplar der Bayerischen Staatsbibliothek mit der Signatur: 4 Z 68.247-1982,1/9#8</marc:subfield></marc:datafield></marc:record>